@STRING{iros  = "IEEE/RSJ International Conference on Intelligent Robots and Systems"}
@STRING{icra  = "IEEE International Conference on Robotics and Automation"}
@STRING{issr  = "International Symposium on Robotics Research"}
@STRING{ram   = "IEEE Robotics and Automation Magazine"}
@STRING{tra   = "IEEE Transactions on Robotics and Automation"}
@STRING{jfr   = "Journal of Field Robotics"}
@STRING{icirs = "IEEE International Conference on Intelligent Robots and Systems"}
@STRING{csm   = "IEEE Control Systems Magazine"}
@STRING{ijrr  = "International Journal of Robotics Research"}
@STRING{rss   = "Robotics: Science and Systems"}
@STRING{tr    = "IEEE Transactions on Robotics"}
@STRING{icuas = "International Conference on Unmanned Aircraft Systems"}
@STRING{csccvpr = "IEEE Computer Society Conference on Computer Vision and Pattern Recognition"}
@STRING{iccv = "IEEE International Conference on Computer Vision"}
@STRING{acc = "American Control Conference"}
@STRING{jais = "Journal of Aerospace Information Systems"}
@STRING{jirs = "Journal of Intelligent and Robotic Systems"}
@STRING{cai = "AAAI Conference on Artificial Intelligence"}
@STRING{itsc = "Intelligent Transportation Systems Council"}
@STRING{gnc = "AIAA Guidance, Navigation, and Control Conference"}
@STRING{taes = "IEEE Transactions on Aerospace and Electronic Systems"}
@STRING{tcst = "IEEE Transactions on Control Systems Technology"}
@STRING{ar = "Autonomous Robots"}
@STRING{cacm = "Communications of the ACM"}
@STRING{gi = "Geocarto International"}