@inproceedings{baldwin2007complementary,
  title={Complementary filter design on the Special Euclidean group {SE} (3)},
  author={Baldwin, Grant and Mahony, Robert and Trumpf, Jochen and Hamel, Tarek and Cheviron, Thibault},
  booktitle={Control Conference (ECC), 2007 European},
  pages={3763--3770},
  year={2007},
  organization={IEEE}
}

@inproceedings{forster2015imu,
  title={IMU preintegration on manifold for efficient visual-inertial maximum-a-posteriori estimation},
  author={Forster, Christian and Carlone, Luca and Dellaert, Frank and Scaramuzza, Davide},
  year={2015},
  organization={Georgia Institute of Technology}
}

@inproceedings{goodarzi2016extended,
	title={Extended {Kalman} filter on {SE} (3) for geometric control of a
        quadrotor {UAV}},
	author={Goodarzi, Farhad A and Lee, Taeyoung},
	booktitle={Unmanned Aircraft Systems (ICUAS), 2016 International Conference on},
	pages={1371--1380},
	year={2016},
	organization={IEEE}
}

@article{goodarzi2017global,
	title={Global Formulation of an Extended {Kalman} Filter on {SE} (3) for
        Geometric Control of a Quadrotor {UAV}},
	author={Goodarzi, Farhad A and Lee, Taeyoung},
	journal={Journal of Intelligent \& Robotic Systems},
	volume={88},
	number={2-4},
	pages={395--413},
	year={2017},
	publisher={Springer}
}

@inproceedings{hua2011observer,
  title={Observer design on the special euclidean group {SE} (3)},
  author={Hua, Minh-Duc and Zamani, Mohammad and Trumpf, Jochen and Mahony, Robert and Hamel, Tarek},
  booktitle={Decision and Control and European Control Conference (CDC-ECC), 2011 50th IEEE Conference on},
  pages={8169--8175},
  year={2011},
}

@inproceedings{kamel2015fast,
  title={Fast nonlinear model predictive control for multicopter attitude
         tracking on {SO} (3)},
  author={Kamel, Mina and Alexis, Kostas and Achtelik, Markus and Siegwart, Roland},
  booktitle={Control Applications (CCA), 2015 IEEE Conference on},
  pages={1160--1166},
  year={2015},
  organization={IEEE}
}

@article{kamel2017linear,
  title={Linear vs nonlinear MPC for trajectory tracking applied to rotary wing micro aerial vehicles},
  author={Kamel, Mina and Burri, Michael and Siegwart, Roland},
  journal={IFAC-PapersOnLine},
  volume={50},
  number={1},
  pages={3463--3469},
  year={2017},
  publisher={Elsevier}
}

@article{leishman2014accel,
  author={Leishman, Rob and Macdonald, John and Beard, Randal  and McLain, Tim},
  journal={IEEE Control Systems Magazine},
  title={Quadrotors and Accelerometers: State Estimation with an Improved Dynamic Model},
  year={2014},
  volume={34},
  number={1},
  pages={28-41},
  keywords={accelerometers;attitude measurement;autonomous aerial vehicles;helicopters;robot dynamics;state estimation;velocity measurement;velocity estimation;attitude estimation;quadrotor flight;obstacle avoidance;confined spaces;unknown-complex environments;autonomous flight;dynamic model;state estimation;accelerometers;Unmanned aerial vehicles;Rotors;Aircraft navigation;Sensors;Algorithm design and analysis},
  doi={10.1109/MCS.2013.2287362},
  ISSN={1066-033X},
  month={Feb},
}

@INPROCEEDINGS{martin2010accel,
  author={Martin, Philippe and Sala√ºn, Erwan},
  booktitle={2010 IEEE International Conference on Robotics and Automation},
  title={The true role of accelerometer feedback in quadrotor control},
  year={2010},
  volume={},
  number={},
  pages={1623-1629},
  keywords={accelerometers;aerospace control;feedback;mobile robots;remotely operated vehicles;accelerometer feedback;quadrotor control algorithm;rotor drag;miniunmanned aerial vehicle;miniUAV;Accelerometers;Feedback;Aerodynamics;Sensor fusion;Angular velocity;Noise measurement;Particle measurements;Unmanned aerial vehicles;Micromechanical devices;Global Positioning System},
  doi={10.1109/ROBOT.2010.5509980},
  ISSN={1050-4729},
  month={May},
}

@techreport{nasa1976stdatm,
  title={{U.S. Standard Atmosphere}},
  institution = {NOAA, NASA},
  year={1976},
  pages={12}
  }


@inproceedings{reyes2013lqr,
  title={{LQR} control for a quadrotor using unit quaternions: Modeling and simulation},
  author={Reyes-Valeria, Elias and Enriquez-Caldera, Rogerio and Camacho-Lara, Sergio and Guichard, Jose},
  booktitle={Electronics, Communications and Computing (CONIELECOMP), 2013 International Conference on},
  pages={172--178},
  year={2013},
  organization={IEEE}
}

@article{small2018mpc,
       author = {{Small}, Elias and {Sopasakis}, Pantelis and {Fresk}, Emil and
         {Patrinos}, Panagiotis and {Nikolakopoulos}, George},
        title = "{Aerial navigation in obstructed environments with embedded nonlinear model predictive control}",
      journal = {arXiv e-prints},
     keywords = {Mathematics - Optimization and Control, 49M37, 34H05, 93B52},
         year = "2018",
        month = "Dec",
          eid = {arXiv:1812.04755},
        pages = {arXiv:1812.04755},
archivePrefix = {arXiv},
       eprint = {1812.04755},
 primaryClass = {math.OC},
       adsurl = {https://ui.adsabs.harvard.edu/\#abs/2018arXiv181204755S},
      adsnote = {Provided by the SAO/NASA Astrophysics Data System}
}


@inproceedings{foehn2018onboard,
  title={Onboard state dependent {LQR} for agile quadrotors},
  author={Foehn, Philipp and Scaramuzza, Davide},
  booktitle={2018 IEEE International Conference on Robotics and Automation},
  pages={6566--6572},
  year={2018},
  organization={IEEE}
}
@article{hertzberg2013integrating,
  title={Integrating generic sensor fusion algorithms with sound state representations through encapsulation of manifolds},
  author={Hertzberg, Christoph and Wagner, Ren{\'e} and Frese, Udo and Schr{\"o}der, Lutz},
  journal={Information Fusion},
  volume={14},
  number={1},
  pages={57--77},
  year={2013},
  publisher={Elsevier}
}

@inproceedings{oh2015extended,
	title={Extended kalman filter with multi-frequency reference data for quadrotor navigation},
	author={Oh, Koog-Hwan and Ahn, Hyo-Sung},
	booktitle={Control, Automation and Systems (ICCAS), 2015 15th International Conference on},
	pages={201--206},
	year={2015},
	organization={IEEE}
}

@article{qin2018vins,
  title={{VINS-Mono}: A robust and versatile monocular visual-inertial state estimator},
  author={Qin, Tong and Li, Peiliang and Shen, Shaojie},
  journal={IEEE Transactions on Robotics},
  volume={34},
  number={4},
  pages={1004--1020},
  year={2018},
  publisher={IEEE}
}

@article{sola2017quaternion,
  title={Quaternion kinematics for the error-state {Kalman} filter},
  author={Sol{\`a}, Joan},
  journal={arXiv preprint arXiv:1711.02508},
  year={2017}
}

@article{laub1979schur,
  title={A {Schur} method for solving algebraic {Riccati} equations},
  author={Laub, Alan},
  journal={IEEE Transactions on automatic control},
  volume={24},
  number={6},
  pages={913--921},
  year={1979},
  publisher={IEEE}
}

@article{sola2018micro,
  title={A micro {Lie} theory for state estimation in robotics},
  author={Sol{\`a}, Joan and Deray, Jeremie and Atchuthan, Dinesh},
  journal={arXiv preprint arXiv:1812.01537},
  year={2018}
}

@article{koch2017relative,
    author = {Koch, Daniel P. and Wheeler, David O. and Beard, Randal W. and McLain, Timothy W. and Brink, Kevin M.},
    title = {Relative Multiplicative Extended {Kalman} Filter for Observable {GPS}-Denied Navigation},
    year = 2017,
    journal = {},
    note = {Available at \url{http://scholarsarchive.byu.edu/facpub/1963}}
}

@inproceedings{yu2015high,
  title={High performance full attitude control of a quadrotor on {SO} (3)},
  author={Yu, Yun and Yang, Shuo and Wang, Mingxi and Li, Cheng and Li, Zexiang},
  booktitle={2015 IEEE International Conference on Robotics and Automation},
  pages={1698--1703},
  year={2015},
  organization={IEEE}
}

@inproceedings{ferrin2011differential,
  title={Differential flatness based control of a rotorcraft for aggressive maneuvers},
  author={Ferrin, Jeff and Leishman, Robert and Beard, Randy and McLain, Tim},
  booktitle={2011 IEEE/RSJ International Conference on Intelligent Robots and Systems},
  pages={2688--2693},
  year={2011},
  organization={Ieee}
}

@inproceedings{lee2010geometric,
  title={Geometric tracking control of a quadrotor {UAV} on {SE} (3)},
  author={Lee, Taeyoung and Leok, Melvin and McClamroch, N Harris},
  booktitle={49th IEEE conference on decision and control (CDC)},
  pages={5420--5425},
  year={2010},
  organization={IEEE}
}

@inproceedings{cowling2007prototype,
 title={A prototype of an autonomous controller for a quadrotor {UAV}},
 author={Cowling, Ian D and Yakimenko, Oleg A and Whidborne, James F and Cooke, Alastair K},
 booktitle={2007 European Control Conference (ECC)},
 pages={4001--4008},
 year={2007},
 organization={IEEE}
}

@article{diebel2006representing,
  title={Representing attitude: Euler angles, unit quaternions, and rotation vectors},
  author={Diebel, James},
  journal={Matrix},
  volume={58},
  number={15-16},
  pages={1--35},
  year={2006}
}

@inproceedings{jackson2016rosflight,
  title={{ROSflight}: A lightweight, inexpensive {MAV} research and development tool},
  author={Jackson, James and Ellingson, Gary and McLain, Tim},
  booktitle={2016 International Conference on Unmanned Aircraft Systems (ICUAS)},
  pages={758--762},
  year={2016},
  organization={IEEE}
}

@book{hespanha2018linear,
  title={Linear systems theory},
  author={Hespanha, Joao P},
  year={2018},
  publisher={Princeton University Press}
}

@inproceedings{mellinger2011minimum,
  title={Minimum snap trajectory generation and control for quadrotors},
  author={Mellinger, Daniel and Kumar, Vijay},
  booktitle={2011 IEEE International Conference on Robotics and Automation},
  pages={2520--2525},
  year={2011},
  organization={IEEE}
}

@inproceedings{casey2013AttitudeRepresentation,

  title={Attitude representation and kinematic propagation for low-cost {UAVs}},
  author={Casey, Robert T and Karpenko, Mark and Curry, Renwick and Elkaim, Gabriel},
  booktitle={AIAA Guidance, Navigation, and Control (GNC) Conference},
  pages={4615},
  year={2013}
}

@article{Markley2004MultiplicativeVA,
  title={Multiplicative vs. additive filtering for spacecraft attitude determination},
  author={Markley, F Landis},
  journal={Dynamics and Control of Systems and Structures in Space},
  number={467-474},
  year={2004},
  publisher={NASA‚Äôs Goddard Space Flight Center Greenbelt, MD}
}

@inproceedings{farrell2019error,
  title={Error-State {LQR} Control of a Multirotor {UAV}},
  author={Farrell, Michael and Jackson, James and Nielsen, Jerel and Bidstrup, Craig and McLain, Tim},
  booktitle={2019 International Conference on Unmanned Aircraft Systems (ICUAS)},
  pages={704--711},
  year={2019},
  organization={IEEE}
}

@article{garrido2016generation,
  title={Generation of fiducial marker dictionaries using mixed integer linear programming},
  author={Garrido-Jurado, Sergio and Munoz-Salinas, Rafael and Madrid-Cuevas, Francisco Jos{\'e} and Medina-Carnicer, Rafael},
  journal={Pattern Recognition},
  volume={51},
  pages={481--491},
  year={2016},
  publisher={Elsevier}
}

@mastersthesis{ling2014precision,
  title={Precision landing of a quadrotor {UAV} on a moving target using low-cost sensors},
  author={Ling, Kevin},
  year={2014},
  school={University of Waterloo}
}

@article{baca2019autonomous,
  title={Autonomous landing on a moving vehicle with an unmanned aerial vehicle},
  author={Baca, Tomas and Stepan, Petr and Spurny, Vojtech and Hert, Daniel and Penicka, Robert and Saska, Martin and Thomas, Justin and Loianno, Giuseppe and Kumar, Vijay},
  journal={Journal of Field Robotics},
  volume={36},
  number={5},
  pages={874--891},
  year={2019},
  publisher={Wiley Online Library}
}

@article{borowczyk2017autonomous,
  title={Autonomous landing of a quadcopter on a high-speed ground vehicle},
  author={Borowczyk, Alexandre and Nguyen, Duc-Tien and Nguyen, Andr{\'e} Phu-Van and Nguyen, Dang Quang and Saussi{\'e}, David and Le Ny, Jerome},
  journal={Journal of Guidance, Control, and Dynamics},
  volume={40},
  number={9},
  pages={2378--2385},
  year={2017},
  publisher={American Institute of Aeronautics and Astronautics}
}

@inproceedings{wynn2019visual,
  title={Visual Servoing for Multirotor Precision Landing in Daylight and After-Dark Conditions},
  author={Wynn, Jesse S and McLain, Timothy W},
  booktitle={2019 International Conference on Unmanned Aircraft Systems (ICUAS)},
  pages={1242--1248},
  year={2019},
  organization={IEEE}
}

@article{kalman,
    Author = {Kalman, Rudolph Emil},
    Title = {A New Approach to Linear Filtering and Prediction Problems},
    Journal = {Transactions of the ASME--Journal of Basic Engineering},
    Volume = {82},
    Number = {Series D},
    Pages = {35--45},
    Year = {1960}
}

@inproceedings{roumeliotis1999circumventing,
  title={Circumventing dynamic modeling: Evaluation of the error-state {Kalman} filter applied to mobile robot localization},
  author={Roumeliotis, Stergios I and Sukhatme, Gaurav S and Bekey, George A},
  booktitle={1999 IEEE International Conference on Robotics and Automation},
  volume={2},
  pages={1656--1663},
  year={1999},
  organization={IEEE}
}

@article{chen2018encoder,
  author    = {Liang{-}Chieh Chen and
               Yukun Zhu and
               George Papandreou and
               Florian Schroff and
               Hartwig Adam},
  title     = {Encoder-Decoder with Atrous Separable Convolution for Semantic Image
               Segmentation},
  journal   = {CoRR},
  volume    = {abs/1802.02611},
  year      = {2018},
  url       = {http://arxiv.org/abs/1802.02611},
  archivePrefix = {arXiv},
  eprint    = {1802.02611},
  timestamp = {Mon, 13 Aug 2018 16:47:38 +0200},
  biburl    = {https://dblp.org/rec/bib/journals/corr/abs-1802-02611},
  bibsource = {dblp computer science bibliography, https://dblp.org}
}

@article{wenzel2011automatic,
  title={Automatic take off, tracking and landing of a miniature {UAV} on a moving carrier vehicle},
  author={Wenzel, Karl Engelbert and Masselli, Andreas and Zell, Andreas},
  journal={Journal of Intelligent \& Robotic Systems},
  volume={61},
  number={1-4},
  pages={221--238},
  year={2011},
  publisher={Springer}
}

@inproceedings{olson2011tags,
    TITLE      = {{AprilTag}: A robust and flexible visual fiducial system},
    AUTHOR     = {Edwin Olson},
    BOOKTITLE  = {2011 IEEE International Conference on Robotics and
                 Automation},
    YEAR       = {2011},
    MONTH      = {May},
    PAGES      = {3400-3407},
    KEYWORDS   = {Robot navigation, SLAM, Visual Fiducial, ARToolkit},
    PUBLISHER  = {IEEE},
}

@article{marantos2018vision,
  title={Vision-based Autonomous Landing Control for Unmanned Helicopters},
  author={Marantos, Panos and Karras, George C and Vlantis, Panagiotis and Kyriakopoulos, Kostas J},
  journal={Journal of Intelligent \& Robotic Systems},
  volume={92},
  number={1},
  pages={145--158},
  year={2018},
  publisher={Springer}
}

@article{araar2017vision,
  title={Vision based autonomous landing of multirotor {UAV} on moving platform},
  author={Araar, Oualid and Aouf, Nabil and Vitanov, Ivan},
  journal={Journal of Intelligent \& Robotic Systems},
  volume={85},
  number={2},
  pages={369--384},
  year={2017},
  publisher={Springer}
}

@inproceedings{falanga2017vision,
  title={Vision-based autonomous quadrotor landing on a moving platform},
  author={Falanga, Davide and Zanchettin, Alessio and Simovic, Alessandro and Delmerico, Jeffrey and Scaramuzza, Davide},
  booktitle={2017 IEEE International Symposium on Safety, Security and Rescue Robotics (SSRR)},
  pages={200--207},
  year={2017},
  organization={IEEE}
}

@inproceedings{beul2017fast,
  title={Fast autonomous landing on a moving target at {MBZIRC}},
  author={Beul, Marius and Houben, Sebastian and Nieuwenhuisen, Matthias and Behnke, Sven},
  booktitle={2017 European Conference on Mobile Robots (ECMR)},
  pages={1--6},
  year={2017},
  organization={IEEE}
}

@inproceedings{cantelli2017autonomous,
  title={Autonomous landing of a {UAV} on a moving vehicle for the {MBZIRC}},
  author={Cantelli, L and Guastella, DC and Melita, CD and Muscato, G and Battiato, S and D‚Äôurso, F and Farinella, GM and Ortis, A and Santoro, C},
  booktitle={International Conference CLAWAR},
  pages={197--204},
  year={2017},
  organization={World Scientific}
}

@inproceedings{lee2012autonomous,
  title={Autonomous landing of a {VTOL UAV} on a moving platform using image-based visual servoing},
  author={Lee, Daewon and Ryan, Tyler and Kim, H Jin},
  booktitle={2012 IEEE International Conference on Robotics and Automation},
  pages={971--976},
  year={2012},
  organization={IEEE}
}

@inproceedings{mourikis2007multi,
  title={A multi-state constraint {Kalman} filter for vision-aided inertial navigation},
  author={Mourikis, Anastasios I and Roumeliotis, Stergios I},
  booktitle={2007 IEEE International Conference on Robotics and Automation},
  pages={3565--3572},
  year={2007},
  organization={IEEE}
}

@article{mur2015orb,
  title={{ORB-SLAM}: a versatile and accurate monocular {SLAM} system},
  author={Mur-Artal, Raul and Montiel, Jose Maria Martinez and Tardos, Juan D},
  journal={IEEE transactions on robotics},
  volume={31},
  number={5},
  pages={1147--1163},
  year={2015},
  publisher={IEEE}
}

@article{leutenegger2013keyframe,
  title={Keyframe-based visual-inertial {SLAM} using nonlinear optimization},
  author={Leutenegger, Stefan and Furgale, Paul and Rabaud, Vincent and Chli, Margarita and Konolige, Kurt and Siegwart, Roland},
  journal={Proceedings of Robotis Science and Systems (RSS) 2013},
  year={2013},
  publisher={Robotics: Science and Systems}
}

@article{brink2017partial,
  title={Partial-update {Schmidt--Kalman} filter},
  author={Brink, Kevin M},
  journal={Journal of Guidance, Control, and Dynamics},
  volume={40},
  number={9},
  pages={2214--2228},
  year={2017},
  publisher={American Institute of Aeronautics and Astronautics}
}

@misc{ground_vehicle_drone,
author = {{Planck Aerosystems}},
title = {Ground Vehicle Based Drones},
howpublished = {\url{https://www.planckaero.com/truckdrone}},
note = {Accessed: 2019-11-14}
}

@misc{openpilotrevo,
author = {{Banggood}},
title = {{OpenPilot CC3D} Revolution Revo {10DOF STM32F4} Flight Controller Staight
         Pin for {RC} Drone {FPV} Racing Multi Rotor},
howpublished = {\url{https://www.banggood.com/OpenPilot-CC3D-Revolution-Revo-10DOF-STM32F4-Flight-Controller-Staight-Pin-p-1000068.html?cur_warehouse=CN}},
note = {Accessed: 2019-11-14}
}

@misc{orbitty,
author = {{Connect Tech Inc.}},
title = {{Orbitty Carrier for NVIDIA Jetson TX2/TX2i/TX1}},
howpublished = {\url{http://connecttech.com/product/orbitty-carrier-for-nvidia-jetson-tx2-tx1/}},
note = {Accessed: 2019-11-14}
}

@misc{webcam,
author = {{Amazon}},
title = {{ELP USB} with Camera 2.1mm Lens {1080p HD} Free Driver {USB} Camera
         Module,2.0 Megapixel(1080p) {USB} Camera,for {Linux Windows Android Mac
         OS}},
howpublished = {\url{https://www.amazon.com/ELP-Camera-Megapixel-Windows-Android/dp/B00KA7WSSU}},
note = {Accessed: 2019-11-14}
}

@article{romero2018speeded,
  title={Speeded up detection of squared fiducial markers},
  author={Romero-Ramirez, Francisco J and Mu{\~n}oz-Salinas, Rafael and Medina-Carnicer, Rafael},
  journal={Image and Vision Computing},
  volume={76},
  pages={38--47},
  year={2018},
  publisher={Elsevier}
}

@inproceedings{rosten2006machine,
  title={Machine learning for high-speed corner detection},
  author={Rosten, Edward and Drummond, Tom},
  booktitle={European conference on computer vision},
  pages={430--443},
  year={2006},
  organization={Springer}
}

@article{bouguet2001pyramidal,
  title={Pyramidal implementation of the affine {Lucas Kanade} feature tracker description of the algorithm},
  author={Bouguet, Jean-Yves and others},
  journal={Intel Corporation},
  volume={5},
  number={1-10},
  pages={4},
  year={2001}
}

